@Misc{ONU,
author = {United Nations},
title = {UN World Water Development Report 2019},
howpublished = {UN},
year = 2019, 
month = 3,
url = {https://www.unwater.org/publications/world-water-development-report-2019/},
urldate = {2021-05-18}
}

@Article{insitudata, 
author = {Matt Fry, Vicente Fernandez, Jana Põldnurk}, 
year = 2019, 
month = 12, 
title = {HYDROLOGICAL IN SITU DATA REQUIREMENTS
AND AVAILABILITY} }

@Article{courshydro, 
author = {Nils Reidar B. Olsen }, 
title = {Hydroinformatics, Fluvial Hydraulics and limnology}, 
year = 2004, 
month = 9}

@Misc{NASA, 
url = {https://swot.jpl.nasa.gov/}, 
urldate = {2021-05-18},
author = {NASA},
title = {Surface water and Ocean Topography}}

@Article{conf_monnier, 
author = {J.Monnier}, 
title = {Modélisation mathématique et numérique de fluides géophysiques, exemples en glaciologie, hydrologie},
year = 2021
}

@Article{lstm_createur, 
author = {Hochreiter, Sepp et Schmidhuber, Jürgen},
title = { Long Short-Term Memory },
volume = 9,
year = 1997, 
pages =  {1735-1780} }

@Misc{livre_NN, 
author = {Charu C. Aggarwal},
title = {Neural networks and deep learning}, 
year = 2018, 
type = Book}

@Misc{cours_ML, 
author = {M. Albert, P. Besse, B. Laurent},
title = {Machine learning},
}

@Conference{conf, 
author = {Jean Luc Parouty}, 
title = {FORMATION INTRODUCTION AU DEEP LEARNING},
year = 2021}

@article{jiang,
  title={Discharge estimation based on machine learning},
  author={Jiang, Zhu and Wang, Hui-yan and Song, Wen-wu},
  journal={Water Science and Engineering},
  volume={6},
  number={2},
  pages={145--152},
  year={2013},
  publisher={Elsevier}
}

@article{draft, 
title = {Hybrid Neural Network - Variational Data Assimilation algorithm
to infer river discharges from SWOT-like data},
author = {Kevin LARNIER, Jérôme MONNIER}, 
year = 2021}

@Misc{ACP, 
url = {http://wikistat.fr/pdf/st-l-des-multi.pdf},
title = {Introduction à l’Analyse en
Composantes Principales (ACP)},
author = {Wikistat}, 
year = 2016, 
urldate = {05/22/2021} }

@article{lecun1989backpropagation,
  title={Backpropagation applied to handwritten zip code recognition},
  author={LeCun, Yann and Boser, Bernhard and Denker, John S and Henderson, Donnie and Howard, Richard E and Hubbard, Wayne and Jackel, Lawrence D},
  journal={Neural computation},
  volume={1},
  number={4},
  pages={541--551},
  year={1989},
  publisher={MIT Press}
}

@article{hornik1991approximation,
  title={Approximation capabilities of multilayer feedforward networks},
  author={Hornik, Kurt},
  journal={Neural networks},
  volume={4},
  number={2},
  pages={251--257},
  year={1991},
  publisher={Elsevier}
}
@Article{npg-2020-32,
AUTHOR = {Larnier, K. and Monnier, J.},
TITLE = {Hybrid Neural Network -- Variational Data Assimilation algorithm to infer river discharges from SWOT-like data},
JOURNAL = {Nonlinear Processes in Geophysics Discussions},
VOLUME = {2020},
YEAR = {2020},
PAGES = {1--30},
URL = {https://npg.copernicus.org/preprints/npg-2020-32/},
DOI = {10.5194/npg-2020-32}
}

@article{larnier2020hybrid,
  title={Hybrid Neural Network--Variational Data Assimilation algorithm to infer river discharges from SWOT-like data},
  author={Larnier, Kevin and Monnier, Jerome},
  journal={Nonlinear Processes in Geophysics Discussions},
  pages={1--30},
  year={2020},
  publisher={Copernicus GmbH}
}

@Misc{lstm-cell-linked, 
url = {https://colah.github.io/posts/2015-08-Understanding-LSTMs/},
title = {Understanding LSTM Networks}, 
year = 2015}

@Misc{lstm_cell, 
doi = {10.7717/peerj-cs.476/fig-4},
author={P. Mehta, S. Pandya, K. Kotecha},
year={2021}}